@book{Rasmussen2006,
	author = {Rasmussen, C. E. and Williams, C. K. I.},
	isbn = {026218253X},
	publisher = {MIT Press},
	title = {Gaussian Processes for Machine Learning},
	year = {2006}
}

@article{wilson2018adaptive,
	author = {Wilson, Troy and Williams, Stefan B},
	journal = {Journal of Field Robotics},
	number = {3},
	pages = {345--358},
	publisher = {Wiley Online Library},
	title = {Adaptive path planning for depth-constrained bathymetric mapping with an autonomous surface vessel},
	volume = {35},
	year = {2018}
}

@article{quinonero2005unifying,
	author = {Qui{\~n}onero-Candela, Joaquin and Rasmussen, Carl Edward},
	journal = {Journal of Machine Learning Research},
	number = {Dec},
	pages = {1939--1959},
	title = {A unifying view of sparse approximate Gaussian process regression},
	volume = {6},
	year = {2005}
}

@misc{cuBLAS_Documentation,
	publisher = {NVIDIA},
	title = {cuBLAS Documentation},
	url = {https://docs.nvidia.com/cuda/cublas/index.html}
}

@misc{Cuda_runtime_api,
	title = {Cuda Runtime API Documentation}
}

@article{calder2003automatic,
	author = {Calder, Brian},
	publisher = {International Hydrographic Organization},
	title = {Automatic statistical processing of multibeam echosounder data},
	year = {2003}
}

@article{cressie1990origins,
	author = {Cressie, Noel},
	journal = {Mathematical geology},
	number = {3},
	pages = {239--252},
	publisher = {Springer},
	title = {The origins of kriging},
	volume = {22},
	year = {1990}
}

@article{barkby2012bathymetric-2,
	author = {Barkby, Stephen and Williams, Stefan B and Pizarro, Oscar and Jakuba, Michael V},
	journal = {The International Journal of Robotics Research},
	number = {12},
	pages = {1409--1430},
	publisher = {SAGE Publications Sage UK: London, England},
	title = {Bathymetric particle filter SLAM using trajectory maps},
	volume = {31},
	year = {2012}
}

@inproceedings{barkby2011bathymetric,
	author = {Barkby, Stephen and Williams, Stefan B and Pizarro, Oscar and Jakuba, Michael V},
	booktitle = {2011 IEEE/RSJ International Conference on Intelligent Robots and Systems},
	organization = {IEEE},
	pages = {1242--1248},
	title = {Bathymetric SLAM with no map overlap using gaussian processes},
	year = {2011}
}

@inproceedings{manjanna2017data,
	author = {Manjanna, Sandeep and Dudek, Gregory},
	booktitle = {2017 IEEE/RSJ International Conference on Intelligent Robots and Systems (IROS)},
	organization = {IEEE},
	pages = {6111--6117},
	title = {Data-driven selective sampling for marine vehicles using multi-scale paths},
	year = {2017}
}

@inproceedings{manjanna2017data-2,
	author = {Manjanna, Sandeep and Dudek, Gregory},
	booktitle = {2017 IEEE/RSJ International Conference on Intelligent Robots and Systems (IROS)},
	organization = {IEEE},
	pages = {6111--6117},
	title = {Data-driven selective sampling for marine vehicles using multi-scale paths},
	year = {2017}
}

@inproceedings{scheidegger2005triangulating,
	author = {Scheidegger, Carlos Eduardo and Fleishman, Shachar and Silva, Cl{\'a}udio T},
	booktitle = {Symposium on Geometry Processing},
	organization = {Citeseer},
	pages = {63--72},
	title = {Triangulating point set surfaces with bounded error.},
	year = {2005}
}

@inproceedings{vasudevan2011non,
	author = {Vasudevan, Shrihari and Ramos, Fabio and Nettleton, Eric and Durrant-Whyte, Hugh},
	booktitle = {2011 IEEE International Conference on Robotics and Automation},
	organization = {IEEE},
	pages = {1875--1882},
	title = {Non-stationary dependent Gaussian processes for data fusion in large-scale terrain modeling},
	year = {2011}
}

@techreport{cuSparse_Doccumentation,
	publisher = {NVIDA},
	title = {cuSparse Doccumentation},
	url = {https://docs.nvidia.com/cuda/cusparse/index.html}
}

@inproceedings{MooreStouchKeneralizedEkf2014,
	author = {Moore, T. and Stouch, D.},
	booktitle = {Proceedings of the 13th International Conference on Intelligent Autonomous Systems (IAS-13)},
	month = {July},
	publisher = {Springer},
	title = {A Generalized Extended Kalman Filter Implementation for the Robot Operating System},
	year = {2014}
}

@techreport{microstrain_datasheet,
	title = {3DM-GX5-45 Datasheet}
}

@techreport{rbr_datasheet,
	title = {RBRConcerto CTD Datasheet}
}

@techreport{Nortek,
	title = {Nortek DVL1000 - 300 m Datasheet}
}

@inproceedings{melkumyan2009sparse,
	author = {Melkumyan, Arman and Ramos, Fabio},
	booktitle = {IJCAI},
	pages = {1936--1942},
	title = {A sparse covariance function for exact Gaussian process inference in large datasets.},
	volume = {9},
	year = {2009}
}

@inproceedings{galceran2013uncertainty,
	author = {Galceran, Enric and Nagappa, Sharad and Carreras, Marc and Ridao, Pere and Palomer, Albert},
	booktitle = {2013 IEEE/RSJ International Conference on Intelligent Robots and Systems},
	organization = {IEEE},
	pages = {6006--6012},
	title = {Uncertainty-driven survey path planning for bathymetric mapping},
	year = {2013}
}

@article{galceran2015coverage,
	author = {Galceran, Enric and Campos, Ricard and Palomeras, Narc\'{\i}s and Ribas, David and Carreras, Marc and Ridao, Pere},
	journal = {Journal of Field Robotics},
	number = {7},
	pages = {952--983},
	publisher = {Wiley Online Library},
	title = {Coverage path planning with real-time replanning and surface reconstruction for inspection of three-dimensional underwater structures using autonomous underwater vehicles},
	volume = {32},
	year = {2015}
}

@article{Hitchcox2020APC,
  title={A Point Cloud Registration Pipeline using Gaussian Process Regression for Bathymetric SLAM*},
  author={Thomas Hitchcox and James Richard Forbes},
  journal={2020 IEEE/RSJ International Conference on Intelligent Robots and Systems (IROS)},
  year={2020},
  pages={4615-4622}
}

@article{MA2018336,
    author = {Teng Ma and Ye Li and Rupeng Wang and Zheng Cong and Yusen Gong},
    title = {AUV robust bathymetric simultaneous localization and mapping},
    journal = {Ocean Engineering},
    volume = {166},
    pages = {336-349},
    year = {2018}
}

@article{Krasnosky2022,
    author = {Krasnosky, Kristopher and Roman, Christopher},
    year = {2022},
    month = {03},
    pages = {940-970},
    title = {A Massively Parallel Implementation of Gaussian Process Regression for Real Time Bathymetric Modeling and Simultaneous Localization and Mapping},
    volume = {2},
    journal = {Field Robotics}
}

@misc{FraneyGPU,
  author = {Franey, Mark and Ranjan, Pritam and Chipman, Hugh},
  title = {A Short Note on Gaussian Process Modeling for Large Datasets using Graphics Processing Units},
  publisher = {arXiv},
  year = {2012}
}

@article{Gramacy2013MP,
  title={Massively parallel approximate Gaussian process regression},
  author={Robert B. Gramacy and Jarad Niemi and Robin Weiss},
  journal={SIAM/ASA Journal on Uncertainty Quantification},
  year={2013},
  volume={2},
  pages={564-548}
}

@article{KrasnoskyPOS,
    author = {Kristopher Krasnosky and Christopher Roman and David Casagrande},
    title ={A bathymetric mapping and SLAM dataset with high-precision ground truth for marine robotics},
    journal = {The International Journal of Robotics Research},
    volume = {41},
    number = {1},
    pages = {12-19},
    year = {2022}
}

@article{HareMBES1995,
  title={Depth and Position Error Budgets for Mulitbeam Echosounding},
  author={Rob Hare},
  journal={International Hydrographic Review},
  year={1995},
  volume={72}
}

@misc{ROS,
  title = {Robotic Operating System (ROS)},
  howpublished = {\url{https://www.ros.org/}},
  note = {Accessed: 2021-09-30}
}

@article{Silverman1985,
    author = {B. W. Silverman},
    title = {Some Aspects of the Spline Smoothing Approach to Non-Parametric Regression Curve Fitting},
    journal = {Royal Statistical Society, Series B},
    year = {1985},
    volume = {47},
    page = {1-52}
}

@inproceedings{Seeger2003,
  title={Fast Forward Selection to Speed Up Sparse Gaussian Process Regression},
  author={Matthias W. Seeger and Christopher K. I. Williams and Neil D. Lawrence},
  booktitle={International Conference on Artificial Intelligence and Statistics},
  year={2003}
}

@inproceedings{Lawrence2002,
  title={Fast Sparse Gaussian Process Methods: The Informative Vector Machine},
  author={Neil D. Lawrence and Matthias W. Seeger and Ralf Herbrich},
  booktitle={NIPS},
  year={2002}
}

@inproceedings{Titsias2009,
  title={Variational Learning of Inducing Variables in Sparse Gaussian Processes},
  author={Michalis K. Titsias},
  booktitle={International Conference on Artificial Intelligence and Statistics},
  year={2009}
}

@inproceedings{Calder2007CUBEUM,
  title={CUBE User's Manual},
  author={Brian R. Calder and David E. Wells},
  year={2007}
}

@article{kmeans_inefficient,
title = {An empirical comparison of four initialization methods for the K-Means algorithm},
journal = {Pattern Recognition Letters},
volume = {20},
number = {10},
pages = {1027-1040},
year = {1999},
issn = {0167-8655},
doi = {https://doi.org/10.1016/S0167-8655(99)00069-0},
url = {https://www.sciencedirect.com/science/article/pii/S0167865599000690},
author = {J.M Peña and J.A Lozano and P Larrañaga},
}

@book{anderberg2014kmeans,
  title={Cluster analysis for applications: probability and mathematical statistics: a series of monographs and textbooks},
  author={Anderberg, Michael R},
  volume={19},
  year={2014},
  publisher={Academic press}
}

@INPROCEEDINGS{kneighbor,
  author={Taunk, Kashvi and De, Sanjukta and Verma, Srishti and Swetapadma, Aleena},
  booktitle={2019 International Conference on Intelligent Computing and Control Systems (ICCS)}, 
  title={A Brief Review of Nearest Neighbor Algorithm for Learning and Classification}, 
  year={2019},
  volume={},
  number={},
  pages={1255-1260},
  doi={10.1109/ICCS45141.2019.9065747}}