@book{rasmuMIT,
    title = {Gaussian Processes for Machine Learning},
    author = {C.E. Rasmussen and C.K.I Williams},
    year = {2006},
    publisher = {MIT Press}
}

@article{krasno,
    author = "Kristopher Krasnosky",
    title = "A Massively Parallel Implementation of Gaussian Process Regression for Real Time Bathymetric Modeling and Simultaneous Localization and Mapping",
    year = "2021"
}

@article{DTCPP,
    author = "Matthias Seeger and Christopher K. I. Williams and Neil D. Lawrence",
    title = "Fast Forward Selection to Speed Up Sparse Gaussian Process Regression",
    year = "2003"
}

@article{gram,
    author = "R. B. Grammacy and D. W. Apley",
    title = "Local gaussian process approximation for large computer experiments",
    journal = "Journal of Computational and Graphical Statistics",
    pages = "2(1):564-578",
    %year = "2003"
}

@article{snelz,
    author = "E. Snelson and Z. Ghahramani",
    title = "Sparse gaussian processes using pseudo-inputs",
    journal = "Advances in neural information processing systems",
    pages = "18:1257-1264",
    year = "2005"
}

@article{EP,
    author = "T. P. Minka",
    title = "Expectation propagation for approximate Bayesian inference",
    journal = "PhD thesis, Dep. of Electrical Eng. and Comp. Sci.:, MIT",
    year = "2000"
}

@article{RasOG,
    author = "C. E. Rasmussen and C. K. I. Williams",
    title = "Gaussian Process for Regression",
    journal = "Advances in Neural Information Processing System 8",
    pages = "514-50",
    publisher = "MIT Press",
    year = "1996"
}

@article{Barkby1,
    author = "S. Barkby and S. B. Williams and O. Pizarro and M. V. Jakuba",
    title = "Bathymetric particle filter slam using trajectory maps",
    journal = " The International Journal of Robotics Research",
    pages = "31(12):1409-1430",
    year = "2012"
}

@article{Franey1,
    author = "M. Franey and P. Ranjan and H. Hipman",
    title = "A Short note on gaussian process modeling for large datasets using graphics processing units",
    year = "2012",
    journal = "arXiv preprint arXiv1203.1269"
}

@article{West,
    author = "A. West and I. Tsitsimpelis and et al.",
    title = "Use of Gaussian process regression for radiation mapping of a nuclear reactor with a mobile robot",
    journal = "Sci Rep 11",
    edition = "13975",
    year = "2021"
}

@article{Entropy,
    author = "Neil D. Lawrence and John C. Platt",
    title = "Learning to Learn with the Informative Vector Machine",
    year = "2004",
    journal = "Proceedings of the twenty-first international conference on Machine Learning"
}
% RI C-AIM https://web.uri.edu/rinsfepscor/welcome/